2800 4525
497 327 674 379 v111
756 333 765 339 ‘
861 337 864 341 ’

538 469 904 560 nobilitate
943 471 1288 562 vincatur.
1273 469 1290 499 “·
1374 433 1566 534 Mox
1595 483 1822 538 tamen
1841 470 2166 564 querela
2204 474 2277 565 ip
2330 500 2430 542 m-

542 601 689 651 sum
728 561 953 650 soluta.
995 597 1133 660 est,
1173 547 1400 669 neque
1455 600 1494 641 a
1547 584 1900 676 proposito
1961 575 2429 651 deeedendum

541 695 783 773 visum,
828 683 1023 782 quod
1071 710 1150 754 ex
1188 703 1472 758 auctore
1509 711 1657 780 non
1701 693 1961 778 optimo
2004 715 2235 781 parum
2279 693 2430 783 glo-‚-

541 806 681 872 riae
728 797 1096 892 editoribus
1139 794 1563 886 sperandum
1583 786 1790 864 esset.
1855 798 2057 866 Certe
2087 805 2245 870 mihi
2272 827 2434 894 per-

541 929 809 1002 suasum
853 924 954 976 est
972 912 1253 1033 (neque
1292 922 1364 972 te
1409 903 1601 973 aliter
1638 886 1949 975 iudicare
1975 877 2338 1006 arbitror),
2357 929 2440 1002 ut·

542 1024 617 1087 in
663 993 868 1086 domo
914 1015 1091 1103 bene
1133 1011 1454 1083 instructa
1496 1039 1699 1084 omne
1725 1041 1876 1104 νας,
1934 1022 2150 1094 omnis
2206 1021 2436 1109 supel-

543 1123 654 1196 lex
695 1099 928 1230 nitida
953 1150 1096 1195 esse
1142 1126 1378 1207 debet,
1423 1129 1517 1202 ita
1558 1130 1630 1226 ιιι
1672 1127 2073 1220 scriptorum
2097 1103 2454 1220 antiquoa

543 1262 695 1307 rum
764 1215 1052 1304 numero
1121 1235 1375 1302 nullum
1446 1234 1649 1325 plane
1717 1236 2189 1329 negligendum
2255 1259 2554 1310 esse:

547 1347 795 1439 quodsi
824 1346 992 1417 liber
1021 1350 1330 1437 antiquus
1354 1346 1467 1416 vel
1511 1350 1786 1430 minime
1827 1347 2050 1418 bonus
2088 1372 2249 1439 prae
2292 1349 2434 1454 aliis

544 1455 730 1526 lacer
769 1460 1123 1550 miserque
1144 1461 1404 1540 iaceat,
1427 1460 1542 1548 qui
1583 1474 1809 1562 tamen
1849 1447 2031 1526 haud
2072 1464 2163 1525 ita
2198 1455 2435 1558 magna

550 1591 761 1678 opera
788 1563 1017 1636 multo
1060 1571 1356 1634 sanatior
1405 1565 1593 1654 effici
1646 1569 1892 1670 possit,
1958 1571 2169 1637 otium
2226 1573 2435 1636 vires-

524 1725 535 1730 «
550 1701 686 1768 que
729 1677 908 1746 haud
950 1676 1125 1754 male
1166 1669 1564 1760 locaturum,
1609 1679 1724 1768 qui
1770 1675 1858 1746 de
1898 1700 1984 1745 eo
2014 1676 2433 1746 restituendo

549 1786 873 1884 sollicitus
939 1791 1045 1853 sit.
1117 1786 1282 1853 Sed
1338 1780 1516 1852 inter
1569 1811 1688 1853 eos
1761 1811 1970 1878 quos,
2022 1804 2097 1854 ut
2151 1784 2435 1856 classicis

553 1921 887 2000 opponas,
933 1899 1155 1985 capite
1198 1920 1436 1976 censos
1467 1887 1776 1980 ,ὤκει-ις
1808 1915 2011 1994 atque
2063 1896 2174 1965 illa
2225 1887 2438 1987 gene-s

548 2012 638 2076 ris
694 2010 965 2074 humani
1017 2004 1268 2092 lumina
1317 2009 1392 2080 ιιι
1448 2011 1737 2097 quorum
1789 2009 2239 2076 monumentis
2291 2031 2436 2100 mq-

548 2109 881 2188 ximorum
922 2121 997 2183 ιιι
1036 2114 1273 2218 litteris
1310 2121 1556 2184 nostris
1596 2122 1889 2185 virorum
1926 2118 2249 2189 industria
2278 2141 2437 2187 me-

386 2213 399 2228 ’
486 2215 495 2223 ’
551 2230 686 2296 rito
733 2207 1123 2310 collocatur,
1209 2227 1564 2294 discrimen
1604 2231 1739 2297 hoc
1782 2245 1902 2311 est,
1983 2227 2195 2319 quod,
2282 2218 2438 2296 cum

553 2335 681 2405 illis
733 2319 1148 2437 tolerabilem
1205 2339 1541 2428 quandam
1597 2341 2060 2405 conditionem
2114 2336 2437 2443 reddide-
2475 2428 2485 2435 ι

552 2453 665 2529 ris,
712 2448 821 2521 ab
838 2451 921 2515 iis
962 2446 1419 2516 recedendum
1460 2467 1591 2517 est.
1636 2452 1709 2519 ιιι
1749 2450 1850 2516 his
1892 2451 2020 2540 ipsi
2063 2439 2284 2539 apices
2324 2446 2439 2515 lit·-

552 2573 876 2654 terarum⁴
919 2583 1072 2625 cum
1144 2583 1304 2627 cura
1358 2584 1615 2625 summa
1671 2562 1855 2655 exigi
1924 2559 2197 2628 debent.
2326 2558 2482 2647 De‘

552 2668 904 2744 Frontone
958 2686 1180 2763 ,aut-em
1243 2670 1464 2756 primo
1505 2686 1792 2758 ‘aspectu
1843 2669 2257 2736 intellectum
2312 2684 2434 2755 est,

551 2766 905 2845 Editorem
946 2781 1018 2843 in
1069 2778 1550 2859 concinnandis
1607 2774 1865 2863 disiecti
1916 2776 2069 2842 libri
2121 2777 2438 2847 membris

551 2872 646 2953 ita
690 2874 1017 2958 versatum
1063 2911 1207 2955 esse
1230 2939 1234 2943 >
1260 2888 1334 2971 ut
1387 2890 1445 2955 si
1471 2884 1474 2887 ¹
1497 2876 1754 2977 ponasr
1814 2887 2084 2975 Pelopis
2104 2935 2123 2969 ,
2195 2890 2322 2980 qui¹
2363 2888 2475 2957 in.

553 3008 911 3091 poetarum
974 2996 1214 3066 fabulis
1287 3013 1417 3081 est,
1490 2999 1821 3089 discerpta
1891 3001 2438 3089 comminutaque

480 3096 516 3141 ,·
552 3108 857 3183 membra
921 3131 1066 3175 non
1130 3110 1363 3179 Iovem
1419 3092 1899 3178 absolutissima
1952 3111 2248 3190 ratione,
2313 3107 2437 3175 sed

492 3292 501 3301 „
554 3222 891 3346 minorum
935 3220 1239 3286 Deorum
1296 3193 1585 3327 aliquem
1640 3223 1755 3310 qui
1807 3221 2078 3299 humani
2132 3218 2440 3321 corporis

554 3318 848 3396 fabricae
888 3310 1139 3395 nullam
1177 3326 1457 3403 haberet
1500 3332 1973 3420 cognitionem,
2017 3333 2111 3395 ita
2150 3349 2444 3433 compo-1-³

554 3442 769 3523 suisse
809 3455 887 3504 ut
925 3461 1192 3537 crurum
1200 3432 1776 3533 brachiorumque
1807 3437 2209 3533 particulae,
2211 3454 2438 3507 utrum

471 3593 477 3599 -
554 3555 820 3637 coirent
861 3574 1079 3618 necne
1120 3554 1393 3655 minime
1435 3550 1789 3635 sollicitus,
1834 3556 1907 3619 in
1947 3573 2156 3620 unum
2197 3551 2437 3639 iunge-

511 3672 695 3743 'ret‚
750 3660 1079 3753 fieretque
1134 3662 1220 3731 de
1272 3650 1489 3752 puero
1541 3665 1932 3736 monstrum.
1997 3662 2298 3761 Ipsum
2314 3682 2444 3763 au«
2509 3670 2515 3678 ‘

551 3787 691 3863 tem
708 3772 887 3853 hoc,
935 3770 1122 3864 quod
1164 3771 1401 3839 melior
1446 3771 1619 3838 ordo
1660 3795 1806 3840 non
1848 3774 1994 3848 sine
2047 3771 2284 3845 labore
2321 3796 2436 3842 re·
2501 3836 2511 3847 .
2584 3814 2588 3823 ·

553 3856 713 3949 duci
755 3900 1008 3989 posset,
1042 3878 1400 3950 alliciebat.
1439 3903 1652 3970 quum
1694 3888 2086 3973 praesertim
2128 3886 2432 3977 liqueret,

548 3991 672 4101 ubi
714 3995 883 4065 haec
923 3980 1315 4065 Frontonis
1328 3990 1542 4061 editio
1585 4008 1661 4061 ut
1686 3984 1957 4081 Matiana
1984 3993 2450 4111 Tullianarum

944 4158 959 4185 Ι

1300 4208 1331 4225 5
