2800 4525
965 279 980 310 ζ
1003 301 1014 314 ..
1554 297 1571 326 ,
1664 307 1675 318 .
1764 279 1795 322 gr
1826 279 1863 312 η

575 353 674 422 28
801 325 1183 412 LA'qus
1230 331 1343 410 m
1392 325 2240 418 ιτΑιΕΝΤιΝιΑΝνΜ

570 477 953 606 rostratae,
1017 525 1093 581 et
1153 473 1355 580 intro
1409 495 1507 554 (¹)
1559 505 1907 578 conclave
1957 505 2203 586 Rheni
2267 507 2476 606 regia

479 627 483 634 '
571 610 813 682 classis
848 629 1193 681 armatur.
1282 593 1502 680 Fallit
1536 606 1822 684 eminus
1857 605 2225 684 intuentes
2261 609 2472 681 thea-

570 729 775 785 trum
830 726 1286 806 conseptum,
1339 709 1468 804 qui
1518 732 1690 781 cum
1739 707 2040 780 videant
2088 734 2223 805 per
2265 734 2469 784 sum-

533 836 694 898 ,ιιιιι
748 812 1074 894 discurri,
1128 836 1262 906 per
1311 813 1463 882 ima
1511 803 1839 887 nesciunt
1889 809 2227 907 navigari.

469 937 547 983 aa
599 989 620 1004 ,
677 909 991 1009 Superer
993 930 1140 997 ant,
1204 917 1558 1027 Auguste,
1618 911 1832 1007 plura
1884 933 2052 1005 quae
2103 911 2468 987 dicerem.

573 1013 716 1085 sed
753 1017 945 1084 inter
994 1029 1111 1083 tot
1160 1013 1558 1107 scriptores
1607 1037 1859 1086 rerum
1912 1028 2233 1094 tuarum,
2278 1014 2466 1085 nolo

451 1125 456 1136 ’
568 1113 826 1192 cete'ris
871 1115 1230 1186 ‚universa
1289 1113 1704 1210 decerpere.
1805 1109 2098 1190 Debent
2155 1111 2298 1186 tibi
2349 1114 2471 1186 in-

568 1218 779 1314 genia
854 1195 1189 1292 οιιιιιίιιὶιι
1242 1205 1341 1259 (²)
1392 1211 1601 1311 quod
1673 1212 2103 1314 loquuntur.
2226 1219 2466 1288 Sonet

568 1318 761 1413 apud
813 1332 888 1387 te
942 1315 1242 1387 libertas
1294 1315 1609 1388 forensis
1660 1317 1982 1412 eloquii,
2052 1337 2270 1410 quam
2321 1313 2461 1389 du-

521 1418 751 1492 .dum
836 1419 1131 1510 exulem
1194 1397 1684 1492 tribunalibus
1746 1414 2158 1490 reddidisti.
2271 1413 2469 1494 Rufi

452 1584 466 1602 ,
568 1519 917 1598 emeritus
971 1515 1320 1613 torpebat
1365 1535 1651 1592 orator·
1716 1518 1982 1636 quibus
2048 1510 2505 1594 facundiam·

563 1640 819 1693 natura
882 1617 1218 1714 dederat,
1284 1616 1612 1692 officium
1680 1623 1787 1692 vis
1834 1617 2163 1715 negabat.
2264 1628 2467 1694 Nus-

568 1720 792 1820 quani
842 1722 1074 1792 maius
1126 1720 1527 1808 silentium,
1582 1705 1803 1816 quani
1853 1722 1933 1796 in
1975 1721 2301 1794 sacrariis
2333 1722 2462 1792 lit-

560 1839 909 1914 terarum
1014 1797 1222 1895 Idem
1289 1825 1515 1894 varias
1584 1842 1832 1897 aetates
1899 1823 2189 1895 tacendi
2255 1847 2462 1894 mor-

561 1921 697 1998 bus
750 1924 1105 2026 urguebat
1121 1973 1139 2003 ‚
1206 1946 1372 1996 cum
1423 1922 1938 2041 incipientium
2002 1925 2242 1996 studia
2293 1926 2457 1996 bre-

559 2027 668 2096 vis
705 2023 888 2122 finis
941 2043 1229 2108 artaret,
1282 2017 1632 2143 Ρειίιῇειιιι
1674 2027 2012 2096 veterum
2049 2012 2453 2102 desuetudo

559 2129 813 2221 longa
837 2142 1377 2221 conrumperet.
1492 2119 1821 2198 Exitum
1853 2123 2105 2198 li'tiu'm'
2157 2125 2463 2226 regebat

562 2246 882 2334 eventus.
1004 2225 1203 2327 Quid
1265 2227 1464 2307 enim
1531 2225 1631 2301 de
1685 2242 1978 2301 auctora
2012 2215 2155 2276 (3)
2178 2241 2452 2327 praesu-

453 2360 456 2365 ³
558 2328 834 2413 meres,
887 2331 966 2403 in
1018 2342 1168 2427 quo
1215 2328 1382 2401 haec
1432 2343 1719 2403 tantum
1771 2355 1933 2426 spes
1989 2349 2178 2416 erat,
2240 2329 2463 2428 (ιιιοᾶ.Ι

560 2456 729 2505 cum
780 2432 1032 2529 peiore
1080 2428 1452 2505 certabat?
1501 2439 1663 2505 Nec
1713 2430 2222 2506 dubitabamus
2276 2457 2453 2506 eum

555 2538 726 2629 plus
802 2535 878 2604 in
955 2530 1267 2647 negotiis
1344 2532 1876 2629 prosequendis
1938 2533 2211 2605 habere
2276 2560 2448 2629 pru-

559 2636 876 2718 dentiae,
904 2630 1033 2729 qui
1084 2635 1362 2706 soleret
1414 2631 1800 2709 consilium
1852 2659 1894 2706 a
1945 2633 2447 2712 desinentibus

477 2741 488 2752 '
555 2737 943 2833 postulare
1053 2739 1240 2806 Haec
1305 2735 1529 2806 alieni
1587 2734 1955 2831 temporis
2002 2736 2305 2809 vulnera
2370 2740 2450 2810 in

540 2833 1041 2910 ‘Alamannicis
1111 2837 1712 2929 contemplantur
1777 2834 2123 2909 excubiis.
2260 2844 2448 2911 Cum

496 3000 503 3011 .
554 2940 891 3035 alligares
942 2960 1197 3009 manus
1249 2938 1608 3024 hostium,
1669 2935 1961 3010 solvisti
2011 2939 2252 3012 vincla
2302 2941 2446 3012 lin-

559 3064 892 3141 guarum.
2214 3078 2219 3085 ·

395 3171 588 3231 ,25
664 3134 1121 3257 Congruebat
1182 3138 1331 3209 hoc
1410 3138 1673 3238 gloriae
1728 3158 1919 3225 tuae,
2001 3142 2447 3262 congruebat

557 3243 827 3341 vigiliis
882 3242 1219 3337 curisque
1269 3242 1712 3329 sollertibus,
1763 3258 1869 3313 ut
1900 3247 2139 3339 campi
2171 3244 2446 3343 pariter

558 3370 641 3416 ac
692 3344 829 3416 fori
900 3340 1116 3413 laude
1178 3339 1550 3418 fruereris,
1650 3344 1907 3429 Nullas
1957 3365 2148 3417 artes
2180 3347 2441 3435 silent,

557 3448 762 3519 nulla
833 3444 1051 3540 friget
1119 3442 1518 3519 industria.
1598 3461 1854 3516 vacant
1925 3470 2051 3518 ora
2130 3447 2441 3544 legibus,

533 3548 754 3620 'arma
804 3544 1193 3619 limitibus.
1227 3614 1232 3621 ,
1267 3552 1418 3618 Par
1459 3545 1600 3620 fuit
1632 3565 1720 3620 ut
1751 3547 2191 3642 eloquentiae
2224 3572 2445 3629 usum

520 3648 929 3732 .redderes,
992 3669 1165 3718 cum
1224 3646 1373 3722 iam
1435 3650 1708 3724 totiens
1758 3648 2150 3749 scribenda
2185 3653 2447 3752 gessis-
2545 3701 2551 3707 ·

625 3844 709 3913 (ι)
775 3843 865 3896 Ita
897 3839 1078 3898 eod:
1115 3841 1220 3899 M.

625 3917 709 3981 (ιι)
776 3909 852 3964 L.
889 3924 1185 3965 oratorum.
1252 3911 1326 3969 Η

627 3980 717 4050 (3)
793 3976 871 4036 L·
905 3992 1108 4034 actore.
1181 3979 1255 4033 Η.
1323 3980 1333 4005 “
