2800 4525
2083 343 2267 416 ‘vn

378 484 474 554 illi
516 501 587 554 et
625 501 766 578 tam
807 477 1190 571 improbum
1229 477 1548 554 laborem
1596 479 2062 551 exantlandum
2100 483 2268 554 fisis-

276 617 279 628 *
378 622 474 680 se,
520 598 642 688 qui
684 585 969 664 hominis
1010 584 1116 662 vel
1157 592 1517 690 acutissimi
1558 594 1774 708 aciem
1815 592 2266 684 praestringe-

378 729 458 775 re
502 723 573 773 et
615 695 930 792 hebetare
967 717 1222 790 posset.
1308 753 1315 764 2

376 817 383 824 ”
511 815 741 903 Itaque
776 834 933 882 cum
960 809 1398 878 Heindorfius
1442 835 1651 895 meus,
1699 812 1942 880 omissa
1983 827 2270 902 propter

378 922 825 994 valetudinem
854 917 1266 1003 Vratislavia,
1284 921 1587 1009 hospitio
1623 907 2010 992 Buttmanni
2052 921 2271 989 nostri

347 1050 713 1134 uteretur,
783 1045 858 1112 et
921 1029 1023 1094 in
1055 1027 1600 1096 confabulatione
1653 1030 1744 1102 de
1798 1030 2268 1135 communibus

378 1141 617 1211 litteris
654 1140 976 1231 frequens
1023 1136 1110 1203 de
1152 1137 1524 1221 Frontone,
1590 1138 1810 1231 deque
1874 1162 1998 1231 spe
2068 1164 2269 1230 quam

320 1234 333 1242 ⁴
373 1239 791 1322 fovebamus.
814 1270 1036 1348 sermo
1064 1246 1414 1330 incideret,
1446 1243 1643 1318 ambo
1674 1273 1747 1316 se
1774 1253 1998 1323 socios
2025 1247 2272 1318 laboris

296 1355 331 1418 .'
380 1385 591 1454 quem
661 1358 858 1428 mihi
890 1379 1380 1450 proposueram
1411 1406 1430 1442 ,
1506 1355 1915 1452 obtulerunt.
2059 1345 2282 1449 Quod·

358 1457 581 1564 mquam
625 1468 785 1533 mihi
824 1459 1082 1558 gratum
1124 1466 1347 1562 fuerit,
1400 1484 1478 1535 tu
1505 1471 1650 1557 ipse
1678 1463 2028 1563 iudicabis,
2097 1469 2267 1538 Ete-
2345 1499 2356 1511 ’

294 1563 334 1599 ”
375 1581 519 1645 'nim
562 1580 695 1644 hoc
737 1574 1137 1650 litterarum·
1161 1580 1509 1650 consortio
1565 1577 1823 1651 Fronto
1879 1603 2070 1650 meus
2122 1603 2269 1647 non
2309 1661 2322 1680 ἥ

374 1686 594 1756 solum
639 1686 722 1753 ab
769 1710 847 1754 ea
891 1710 1166 1779 quoque
1205 1704 1398 1778 parte
1440 1683 1679 1758 instrui
1720 1706 1988 1778 poterat
2028 1692 2103 1755 in
2136 1713 2268 1783 qua

221 1862 234 1873 ,
309 1820 314 1826 ·
375 1800 522 1888 ipse
565 1819 801 1887 parum
844 1787 1201 1879 valebam(
1215 1821 1256 1863 a
1297 1798 1657 1874 verborum
1702 1801 2165 1891 sermonisque
2193 1797 2285 1867 inl

376 1906 616 1974 codice
690 1922 805 1972 aut
874 1909 1095 1974 vitiosi
1166 1924 1279 1975 aut
1315 1893 1531 1975 male
1614 1907 1738 1976 ab
1763 1907 2058 2006 Editore
2107 1908 2268 1977 lecti

376 2014 872 2128 emendatione,
946 2040 1178 2085 verum
1252 2019 1454 2086 etiam
1535 2017 1826 2086 fructum
1880 2020 2318 2109 percepturi

375 2121 667 2260 eramus,
730 2150 866 2225 quo
923 2130 1297 2198 suaviorem
1352 2129 1642 2205 amicitia
1694 2151 1839 2200 non
1894 2125 2135 2202 habet,
2193 2141 2270 2194 ut

375 2264 450 2305 m
507 2233 845 2309 communi
899 2238 1122 2305 studio
1181 2253 1250 2305 et
1306 2223 1695 2310 adiu'vemus
1752 2254 1821 2305 et
1880 2262 2008 2306 nos
2073 2233 2270 2304 adiu-

318 2430 323 2436 .
376 2364 479 2417 tos
522 2366 1012 2441 promotosque
1055 2350 1415 2414 sentiamus
1461 2348 1543 2420 ab
1580 2350 1684 2419 ais
1713 2346 1952 2438 quibus
1982 2345 2267 2417 multum
2347 2432 2353 2441 .

336 2538 340 2544 .
375 2458 558 2525 haud
598 2461 791 2523 inviti
848 2456 1260 2525 debeamusz‘
1301 2473 1384 2521 ut*
1430 2479 1606 2549 quae
1661 2453 1908 2525 amicus
1963 2437 2149 2525 recte
2201 2469 2271 2523 et

196 2580 211 2589 ²
311 2604 326 2623 κ
380 2582 578 2633 acute
618 2565 883 2645 viderit,
946 2567 1017 2630 in
1062 2562 1344 2641 eandem
1386 2587 1530 2639 rem
1574 2565 1817 2637 intenti
1858 2558 2015 2637 ilico
2059 2564 2268 2646 resci-
2351 2620 2354 2623 .

376 2664 667 2759 scamus,
705 2672 1277 2769 gaudeamusque
1331 2666 1473 2745 eius
1526 2654 1975 2758 successibus,
2034 2676 2104 2740 et
2156 2672 2269 2742 ille

375 2789 654 2859 nostris·
721 2810 895 2884 quo
915 2785 990 2853 fit
1042 2802 1117 2854 ut
1171 2782 1454 2876 plurima
1509 2785 1941 2856 absolvantur
1995 2807 2169 2901 quae
2211 2786 2269 2852 si

254 2897 270 2909 ’
377 2921 419 2966 a
487 2896 756 2989 singulis
829 2906 1269 2967 tractarentur
1337 2894 1734 2989 imperfecta
1815 2894 2262 2962 remanerent.

375 3002 468 3076 At
530 3024 886 3103 postquam
954 3010 1523 3103 exoptatissimum
1584 3002 1750 3075 ill‘ud
1795 3001 2138 3101 exemplar
2195 3006 2267 3071 in
2357 3000 2372 3085 ζ

375 3144 608 3186 manus
652 3126 912 3189 nostras
956 3115 1160 3197 venit,
1206 3140 1399 3206 spem
1439 3139 1567 3186 nos
1610 3117 1900 3188 immane
1944 3130 2265 3210 quantum

304 3190 753 3303 frustratam
793 3251 938 3295 esse
979 3230 1325 3311 sensimus.
1415 3227 1514 3295 Ita
1571 3227 1751 3299 enim
1806 3224 2153 3317 sententiis
2199 3238 2268 3290 et

372 3341 574 3408 rebus
616 3338 922 3411 nondum
965 3343 1144 3408 notis
1188 3336 1508 3416 vacuum,
1565 3337 1657 3406 ita
1709 3335 1927 3407 levem
1974 3349 2043 3399 et
2084 3305 2266 3401 iudi-

378 3466 664 3518 sertum
685 3453 848 3540 quin
902 3458 1390 3539 saepenumero
1445 3445 1682 3535 putide
1736 3442 2128 3517 delirantem
2194 3443 2269 3509 in

377 3559 481 3627 his
527 3556 800 3650 quidem
844 3561 1106 3647 scriptis
1134 3560 1549 3629 Frontonem
1582 3557 1980 3665 invenimus,
2003 3566 2087 3621 ιιι
2116 3546 2269 3620 cuni
2345 3550 2352 3557 ’

379 3670 540 3741 san'e
585 3691 784 3759 quam
826 3667 1019 3749 multi
1074 3666 1513 3743 numerentur
1564 3652 1754 3740 inter
1792 3656 2071 3738 Latinos
2125 3646 2269 3731 non

383 3774 624 3870 optimi
667 3780 1045 3867 scriptores,
1102 3776 1213 3861 hic
1258 3778 1431 3848 adeo
1477 3772 1628 3848 vilis
1666 3778 1752 3846 sit
1790 3793 1866 3843 ut
1910 3798 2060 3843 cum
2103 3768 2265 3839 Silio

379 3878 618 3958 Italico
664 3888 1002 3961 numerari
1060 3886 1337 3960 debeat·
1396 3891 1578 3959 inter
1622 3888 1922 3958 Graecos
1976 3906 2140 3954 varo
2186 3877 2269 3944 ab
2305 3906 2314 3914 f

371 3998 526 4094 ipso
571 3996 951 4075 Polemone
1001 4014 1115 4067 aut
1145 4000 1451 4070 Himerio
1485 3995 1811 4067 facundia
1836 3996 1923 4075 et
1961 3998 2277 4061 sensuum
