2800 4525
828 319 1349 394 cAEsAn-EM
1400 318 1702 392 LIBER
1748 324 1807 392 1.
2155 340 2251 428 αξ

356 505 495 575 ras,
549 505 641 559 et·
675 504 832 558 erat
882 489 1026 556 lata
1064 490 1420 557 Romam:
1476 484 1740 555 deinde
1788 482 2028 556 hodie·
2058 488 2250 568 rela÷

362 607 436 660 ta
489 607 560 660 et
612 591 831 683 paulo
897 605 1059 657 ante
1126 587 1315 660 mihi
1380 603 1494 655 est
1549 587 1861 658 reddita.
1973 593 2057 656 In
2109 611 2250 681 qua
2323 613 2332 630 ¹

360 715 617 785 pauca2
662 697 827 782 qjuae
877 712 1008 783 ego
1059 711 1196 783 pro
1224 689 1499 758 Somno
1553 686 1903 770 dixeram,
1941 704 2026 760 tu
2060 688 2272 757 mul--

360 783 471 861 tis*
536 801 645 860 et‘
683 788 1129 884 elegantibus
1211 790 1659 886 argumentis
1732 786 2065 858 refutasti
2150 790 2312 859 ita·

362 893 566 974 scite,
616 891 718 960 ita
767 891 1141 961 subtiliter
1193 906 1268 959 et
1319 908 1508 984 apte,
1539 905 1644 975 ut,
1696 889 1755 959 si
1810 890 2059 984 vigilia
2097 888 2252 961 ‘tibi

240 1037 253 1053 ι
361 993 512 1063 hoc
562 991 909 1061 acuminis
965 1007 1041 1059 et
1088 991 1362 1085 leporis
1428 988 1689 1075 adfert,
1721 1013 1891 1088 -ego
1946 1013 2248 1085 prorsus

363 1092 792 1188 vigilarete
846 1092 1172 1174 mallem.
1272 1090 1416 1161 Sed
1465 1092 1662 1159 enim
1695 1116 1989 1187 vespera
2024 1093 2245 1187 scrip·
2279 1106 2317 1148 2

358 1195 534 1265 sisse
566 1211 640 1264 te
680 1193 805 1276 ais,
841 1215 1008 1260 cum
1060 1190 1280 1284 paulo
1331 1207 1502 1285 post
1535 1190 1999 1263 dormiturus
2034 1217 2248 1268 esses,

359 1297 597 1390 Igitur
648 1287 1235 1384 adpropinquans
1287 1307 1365 1359 et
1409 1291 1799 1362 imminens
1855 1291 1992 1363 tibi
2043 1300 2248 1365 Som-

359 1419 497 1465 nus
527 1413 675 1462 tam
706 1393 1110 1485 elegantem
1139 1393 1322 1461 hanc
1347 1390 1739 1485 epistulam
1766 1392 1957 1462 fecit.
2025 1400 2248 1464 Nam-

369 1517 516 1593 que
567 1510 651 1561 ut
699 1516 968 1578 crocus,
1020 1492 1121 1562 ita
1149 1499 1488 1574 Somnus,
1541 1493 1964 1600 priusquam
2015 1517 2276 1586 prope-

364 1593 571 1677 adsit,
637 1594 860 1688 longe
924 1594 1237 1688 praeolet
1282 1595 1672 1688 longeque
1724 1594 2049 1664 delectat.
2150 1600 2249 1665 Ut
2279 1614 2317 1669 δ

360 1719 404 1765 a
455 1695 806 1788 principio
861 1695 1086 1790 igitur
1139 1696 1475 1789 epistulae
1516 1714 1662 1766 tuae
1695 1693 2064 1788 incipiam,
2100 1696 2251 1765 ele-

262 1813 271 1824 ·
356 1797 781 1891 gantissime
831 1797 1282 1890 praevaricari
1335 1811 1411 1864 te
1470 1799 1607 1877 ais,
1669 1795 1862 1891 quod
1918 1790 2251 1886 [verbum

358 1899 553 1967 adeo
593 1893 1011 1991 proprium]
1064 1914 1193 1979 est,
1228 1913 1334 1976 ut,
1370 1917 1464 1966 eo
1497 1898 1822 1981 sublato,.-
1844 1895 2046 1967 aliud
2079 1898 2250 1988 sub·

360 1989 440 2066 di
493 1998 817 2079 eiusdem
870 2001 1042 2069 usus
1097 2015 1172 2067 et
1225 1990 1566 2091 ponderis
1619 2024 1765 2069 non
1803 2000 2048 2093 possit.
2148 2000 2251 2069 11-

361 2097 498 2169 lud
550 2124 724 2169 vero
776 2099 1059 2170 dictum
1113 2099 1425 2194 elegans,
1480 2100 2117 2184 BaiQLum-inus,
2170 2114 2250 2171 et
2323 2111 2336 2130 ⁸

358 2209 713 2284 Avernus,
782 2220 858 2272 et
907 2202 1044 2272 alia
1098 2200 1344 2271 omnia
1397 2222 1567 2295 quae
1616 2188 2022 2271 Ὀδύσσειαν
2079 2200 2246 2272 faci·

358 2319 514 2371 unt.
616 2303 1010 2373 Enimvero
1066 2303 1309 2371 omnia
1362 2304 1498 2372 ista
1550 2292 2050 2395 inter'graecos
2086 2327 2244 2372 ver·
2276 2321 2316 2384 4

363 2425 481 2471 sus
532 2402 754 2472 latina
805 2403 907 2470 ita
957 2403 1136 2495 scite
1186 2402 1533 2491 alternata
1584 2422 1754 2472 sunt
1804 2426 1843 2469 a
1896 2422 1968 2472 te
2023 2417 2097 2469 et
2138 2405 2247 2470 in-

363 2503 752 2593 terposita,
819 2517 906 2569 ut
965 2518 1077 2570 est
1136 2501 1269 2569 ilie
1331 2500 1409 2568 in
1462 2503 1808 2594 pyrricha
1859 2503 2246 2571 versicolo-

362 2626 533 2673 rum
589 2602 948 2671 discursus
981 2603 1046 2686 ¹¹,
1101 2624 1333 2695 quom
1384 2603 1632 2672 amicti
1684 2626 1899 2672 cocco
1935 2600 2085 2686 alii,
2123 2602 2248 2671 alii

362 2704 573 2774 l'uteo
626 2721 704 2773 et
749 2712 947 2773 ostro
1004 2721 1078 2773 et
1131 2726 1467 2796 purpura,
1532 2704 1656 2773 alii
1706 2705 1988 2799 aliique
2029 2706 2244 2777 cohe-
2301 2708 2312 2721 '

360 2823 602 2876 rentes
676 2797 736 2847 ¹)
772 2820 1223 2875 concursant.
1324 2811 1473 2875 Iam
1516 2829 1554 2873 a
1594 2808 1885 2876 Laertio
1919 2805 2009 2876 ad
2049 2806 2243 2883 Atri-
2275 2835 2315 2894 5

363 2892 534 2976 (lam
568 2906 936 3003 eleganter
979 2904 1318 2978 transisti.
1388 2912 1573 2979 Ecce
1607 2927 1852 2977 autem
1888 2908 2074 2975 circa
2105 2913 2246 2975 En-

360 3009 567 3076 nium
596 3009 815 3077 aliam
840 3006 1281 3077 malitiosam
1310 3008 1587 3102 peltam
1622 2999 1717 3050 (2)
1754 3007 2040 3089 dedisti,
2074 3027 2244 3077 cum

364 3108 497 3179 ais:
551 3109 737 3194 „nisi
789 3132 882 3177 ex
932 3132 1196 3177 somno
1234 3111 1709 3178 exsuscitatus
1746 3125 1953 3189 esset,
1987 3132 2245 3193 „num-

364 3234 585 3304 quam
620 3210 993 3294 somnium
1047 3200 1264 3277 s‘u'um
1316 3212 1737 3280 narrasset.“
1789 3201 2241 3305 [Excogicet]

320 3386 327 3395 ‚
364 3315 662 3380 Marcus
720 3333 925 3379 meus
965 3314 1219 3392 Caesar,
1254 3306 1315 3376 si
1348 3327 1545 3403 pote,
1581 3311 1870 3404 aliquid,
1898 3310 2241 3398 argutiusz

363 3409 760 3505 Praestigiae
787 3409 1019 3480 nullae
1044 3428 1194 3477 tam
1220 3414 1892 3491 versutae‚nulla‚ut
1911 3410 2008 3477 ait
2027 3406 2240 3477 Levi·
2272 3443 2312 3502 5
2407 3456 2411 3461 ,

366 3532 474 3595 uS,
509 3512 830 3603 decipula
859 3527 1015 3582 cam
1048 3509 1412 3579 insidiosa.
1468 3509 1692 3604 Qui&
1729 3508 1817 3597 si)
1857 3496 1953 3554 (3)
1991 3532 2126 3605 ego
2163 3508 2256 3580 id-

565 3665 593 3697 ·
640 3663 703 3708 ln
729 3664 1012 3727 margine.-
1040 3668 1129 3730 ιῙιι,
1155 3665 1400 3719 oratione,
1438 3676 1501 3712 ut
1525 3664 1586 3711 in
1610 3664 1871 3725 pyrricha,
1898 3664 2245 3714 versicolorus

765 3719 918 3762 debet
944 3717 1058 3763 fieri
1079 3719 1369 3762 discursus.

433 3804 515 3869 (ι)
583 3802 670 3854 Ita
708 3799 852 3854 eod.
889 3802 1012 3856 sine
1045 3800 1339 3877 diphthon
1385 3821 1443 3857 0.
1490 3802 1587 3862 Μ
1661 3834 1664 3837 -
1723 3788 1736 3803 ’

438 3873 517 3937 (2)
586 3867 1005 3951 Reponendum
1041 3871 1288 3943 plagam.
1383 3910 1400 3925 .

442 3940 530 4012 (5)
608 3937 805 4014 Qud!
836 3957 967 3990 num
1000 3956 1102 4023 ego
1136 3955 1239 3995 etc.
1311 3940 1393 3997 N·
