2800 4525
922 279 1292 356 A-Mlcoa
1341 280 1528 352 Lm.
1578 281 1638 348 1
1868 340 1878 348 .
2033 303 2211 355 -201
2297 315 2300 318 ·

125 493 134 527 t
334 451 454 522 hil
517 449 612 522 de
670 448 810 534 ista
871 446 1200 520 oratione
1259 447 1774 543 promiseram.
1899 450 1998 519 Et
2060 445 2292 548 ‘iffi-5

341 551 539 633 dem,
586 554 649 622 si
698 568 897 621 recte
947 548 1276 628 memini.
1321 569 1495 619 cum
1545 571 1790 618 sermo
1842 546 2040 619 inter
2089 577 2226 623 nos

342 652 435 725 de
484 649 999 750 partitionibus
1050 651 1466 727 orationum
1520 667 1725 719 ortus
1778 670 1985 736 esset,
2024 648 2228 726 dixe-

308 778 500 828 ram
550 771 624 824 et
673 774 897 854 prae
879 777 999 824 me
1049 739 1392 834 tuleram,
1445 751 1618 821 satis
1670 775 1794 822 me
1830 750 2229 867 diligenter

339 855 419 925 in
467 853 603 924 ista
656 855 987 924 oratione
1035 853 1568 935 coniecturam,
1641 851 1807 945 quae
1856 851 1932 921 in
1982 856 2227 926 crimi-

340 979 437 1025 ne
484 937 845 1026 mandatae
896 954 1112 1025 caedis
1172 968 1622 1033 verteretur,
1690 945 2066 1024 divississe
2111 977 2224 1028 ar-

341 1057 706 1150 gumentis
756 1078 839 1126 ac
887 1054 1258 1125 refutasse.
1337 1059 1642 1140 IntereaY
1658 1078 2054 1126 nervorum
2095 1057 2295 1127 ‹lo-6

262 1172 265 1176 ’
342 1159 460 1229 lor
509 1158 763 1248 solito
784 1156 1299 1227 vehementior
1348 1179 1472 1225 me
1521 1156 1781 1228 invasit
1834 1173 1911 1225 et
1946 1156 2222 1230 diutius

343 1282 426 1329 ac
476 1227 856 1331 molestius
908 1258 1130 1327 solito
1180 1270 1594 1327 remoratus
1648 1272 1775 1326 est.
1874 1264 2033 1329 Nec
2064 1286 2222 1355 pos-
2254 1288 2295 1342 ⁷

341 1382 505 1430 sum
528 1384 707 1454 ego
766 1357 1120 1450 membris
1185 1356 1673 1428 cruciantibus
1750 1382 2048 1456 operam
2110 1363 2227 1433 ul·

340 1461 495 1530 lam
544 1461 811 1530 litteris
862 1439 1259 1531 scribendis
1323 1455 1745 1554 legendisve
1805 1459 2227 1554 inpendere,

340 1583 478 1632 nec
549 1565 909 1655 umqua'm'
966 1562 1169 1642 istuc
1244 1583 1282 1628 a
1358 1568 1484 1630 me
1557 1560 1938 1652 postulare
2014 1569 2227 1638 ausus

343 1684 542 1743 sum.
607 1663 1078 1758 philosophis
1139 1662 1356 1731 etiam
1410 1657 1747 1731 mirificis
1777 1662 2229 1738 hominibus

180 1834 184 1838 .
284 1795 313 1808 ’-
345 1762 774 1850 dicentibus,
825 1765 1228 1857 sapientem
1281 1762 1526 1832 virum
1579 1764 1801 1833 etiam
1854 1763 1932 1834 in
1971 1755 2235 1838 Phala-

338 1863 519 1937 ridis
570 1883 784 1935 tauro
817 1866 1204 1934 inclusum
1255 1863 1556 1937 beatum
1604 1863 2085 1937 nihilominus
2124 1869 2229 1940 fo·

339 1992 444 2052 re,
499 1964 783 2039 facilius
829 1958 926 2009 ‘¹³
978 1964 1417 2040 crediderim
1466 1963 1768 2052 beatum
1814 1980 1991 2039 eum
2044 1969 2225 2060 fore,
2256 2002 2302 2065 3

346 2092 566 2163 quam
618 2093 827 2161 posse
875 2069 1231 2165 tantisper
1280 2066 1702 2139 amburenti
1735 2060 1885 2112 (θ’
1862 2093 1942 2140 ιιι
1994 2072 2230 2150 aheno
2291 2117 2304 2142 0

343 2170 857 2264 prohoemium
917 2168 1292 2255 meditari,
1361 2187 1488 2241 aut
1555 2171 2081 2268 epigrammata
2135 2165 2254 2217 (3)

346 2270 689 2342 scribere.
822 2272 1314 2342 Reconciliata
1389 2257 1655 2341 deinde
1730 2273 1919 2347 mihi
1993 2275 2227 2393 longo
2257 2312 2302 2371 9

318 2388 522 2465 post
571 2388 901 2486 tempore
952 2370 1346 2440 commoda
1396 2369 1835 2465 valetudine,
1889 2375 2061 2446 alias
2114 2377 2234 2474 egi

346 2496 462 2545 res
514 2472 801 2591 potius,
849 2469 1196 2541 adversus
1245 2470 1459 2541 istam
1509 2473 1919 2542 orationem
1973 2478 2235 2548 aliena-

345 2589 459 2644 to
475 2574 720 2644 animo
771 2569 918 2658 fui,
979 2594 1118 2661 nec
1162 2568 1478 2667 pudebit
1535 2595 1662 2643 me
1713 2570 1925 2645 fateri
1974 2576 2231 2649 odium

344 2697 424 2745 ac
471 2674 925 2746 simultatem
982 2728 998 2746 .
1064 2722 1647 2746 .........
1695 2656 1948 2749 Rediit
1996 2678 2226 2783 igitur
2259 2715 2331 2755 ιο

343 2793 521 2872 post
562 2773 998 2881 repudium
1048 2777 1580 2847 renuntiatum
1624 2779 1857 2849 oratio
1923 2774 2233 2857 domum

345 2870 588 2951 meam
638 2895 717 2949 et
763 2900 1059 2950 mecum
1107 2876 1595 2951 mansitavit.
1784 2879 1823 2922 ¹*

540 3170 562 3194 ⁰
612 3172 677 3218 In
700 3171 989 3233 margine-⁶
1049 3171 1132 3216 Ab
1158 3182 1270 3217 anu
1291 3168 1535 3215 nnncelh
1561 3167 1642 3228 (4)

417 3360 499 3423 (ι)
564 3355 726 3412 Male
760 3354 1037 3412 distinxit
1071 3358 1267 3413 Maius
1286 3353 1441 3429 fore.
1510 3354 1757 3410 Facilius
1790 3369 1900 3411 etc.
1969 3351 2072 3412 11.

420 3491 508 3573 (2)
578 3491 775 3548 Maius
810 3492 998 3549 edidit
1031 3492 1362 3564 ιαηιίιζρσν)
1396 3491 1825 3562 peramant-enci.
1894 3491 1968 3546 H.

348 3692 374 3757 1
419 3628 519 3748 (Rs
564 3622 641 3679 L.
675 3627 1086 3707 ηιιίεήιϊοηιιιιιιξ
1154 3627 1309 3683 Nam
1345 3626 1419 3682 de
1455 3625 1819 3681 orationibus
1854 3644 2042 3683 sermo
2068 3612 2153 3684 est
2173 3627 2235 3687 h.

354 3829 512 3952 Μαι)
535 3918 576 3958 5
584 3831 719 3884 Hoc
750 3826 1159 3886 vocabulum
1139 3851 1207 3887 ιι
1239 3830 1370 3906 ipsa
1416 3827 1664 3908 epistoln
1698 3829 2102 3890 oblitteratum
2136 3845 2241 3889 est.

436 3920 528 3953 alu
